@MISC{bib:bunny,
   author = {Greg Turk and Marc Levoy},
   title = {Stanford Bunny},
   year = {1994},
   publisher = {Stanford University},
   howpublished = {Stanford.edu},
   url = {http://graphics.stanford.edu/data/3Dscanrep/}
}

@article{bib:poisson_set,
   author = {Cline, D. and Jeschke, S. and White, K. and Razdan, A. and Wonka, P.},
   title = {Dart Throwing on Surfaces},
   journal = {Computer Graphics Forum},
   volume = {28},
   number = {4},
   publisher = {Blackwell Publishing Ltd},
   issn = {1467-8659},
   url = {http://dx.doi.org/10.1111/j.1467-8659.2009.01499.x},
   doi = {10.1111/j.1467-8659.2009.01499.x},
   pages = {1217--1226},
   year = {2009},
}

@MISC{bib:octree,
   author = {WhiteTimberwolf},
   title = {Octree},
   year = {2010},
   publisher = {Wikimedia Foundation},
   howpublished = {Wikipedia.com},
   url = {http://en.wikipedia.org/wiki/File:Octree2.svg}
}

@inproceedings{bib:photon_maps,
 author = {Jensen, Henrik Wann},
 title = {Global illumination using photon maps},
 booktitle = {Proceedings of the eurographics workshop on Rendering techniques '96},
 year = {1996},
 isbn = {3-211-82883-4},
 location = {Porto, Portugal},
 pages = {21--30},
 numpages = {10},
 url = {http://dl.acm.org/citation.cfm?id=275458.275461},
 acmid = {275461},
 publisher = {Springer-Verlag},
 address = {London, UK, UK},
 keywords = {Monte Carlo, global illumination, photon maps, ray tracing},
}

@inproceedings{bib:radiosity,
 author = {Goral, Cindy M. and Torrance, Kenneth E. and Greenberg, Donald P. and Battaile, Bennett},
 title = {Modeling the interaction of light between diffuse surfaces},
 booktitle = {Proceedings of the 11th annual conference on Computer graphics and interactive techniques},
 series = {SIGGRAPH '84},
 year = {1984},
 isbn = {0-89791-138-5},
 pages = {213--222},
 numpages = {10},
 url = {http://doi.acm.org/10.1145/800031.808601},
 doi = {10.1145/800031.808601},
 acmid = {808601},
 publisher = {ACM},
 address = {New York, NY, USA},
 keywords = {Diffuse reflections, Form factors, Light reflection models, Radiosity, Shading},
} 

@MISC{bib:nikishin_radiance,
   author = {Nikita Nikishin},
   title = {Writing a Pathtracer},
   howpublished = {http://www-personal.umich.edu/~nikitan/articles/pathtracing/},
}

@MISC{bib:bourke_pointdist,
   author = {Paul Bourke},
   title = {Distributing Points on a Sphere},
   howpublished = {http://local.wasp.uwa.edu.au/~pbourke/geometry/spherepoints/},
}

@MISC{bib:bourke_spheregen,
   author = {Paul Bourke},
   title = {Sphere Generation},
   howpublished = {http://local.wasp.uwa.edu.au/~pbourke/miscellaneous/sphere\_cylinder/},
}

@MISC{bib:memusg,
   author = {Jaeho Shin},
   title = {Memusg},
   howpublished = {https://gist.github.com/526585},
}

@MISC{bib:compare,
   author = {},
   title = {ImageMagick compare},
   howpublished = {http://www.imagemagick.org/script/compare.php},
}

@book{bib:shirley_fundamentals,
 author = {Shirley, Peter},
 title = {Fundamentals of Computer Graphics},
 year = {2002},
 isbn = {1568811241},
 publisher = {A. K. Peters, Ltd.},
 address = {Natick, MA, USA},
} 

@MISC{bib:povray,
   author = {Persistence of Vision Raytracer Pty. Ltd.},
   title = {POV-Ray},
   year = {2008},
   howpublished = {povray.org},
}

@article{bib:cornell_box_reference4,
 author = {Shirley, Peter and Wang, Changyaw and Zimmerman, Kurt},
 title = {Monte Carlo techniques for direct lighting calculations},
 journal = {ACM Trans. Graph.},
 issue_date = {Jan. 1996},
 volume = {15},
 number = {1},
 month = jan,
 year = {1996},
 issn = {0730-0301},
 pages = {1--36},
 numpages = {36},
 url = {http://doi.acm.org/10.1145/226150.226151},
 doi = {10.1145/226150.226151},
 acmid = {226151},
 publisher = {ACM},
 address = {New York, NY, USA},
 keywords = {Monte Carlo integration, direct lighting, importance sampling, luminaires, ray tracing, realistic image synthesis},
} 

@inproceedings{bib:cornell_box_reference3,
 author = {Lischinski, Dani and Tampieri, Filippo and Greenberg, Donald P.},
 title = {Combining hierarchical radiosity and discontinuity meshing},
 booktitle = {Proceedings of the 20th annual conference on Computer graphics and interactive techniques},
 series = {SIGGRAPH '93},
 year = {1993},
 isbn = {0-89791-601-8},
 location = {Anaheim, CA},
 pages = {199--208},
 numpages = {10},
 url = {http://doi.acm.org/10.1145/166117.166143},
 doi = {10.1145/166117.166143},
 acmid = {166143},
 publisher = {ACM},
 address = {New York, NY, USA},
 keywords = {Mach bands, diffuse reflector, discontinuity meshing, global illumination, hierarchical radiosity, photorealism, quadratic interpolation, radiance function, radiosity, reconstruction, shadows, view-independence},
} 

@inproceedings{bib:cornell_box_reference2,
 author = {Sillion, Fran\c{c}is X. and Arvo, James R. and Westin, Stephen H. and Greenberg, Donald P.},
 title = {A global illumination solution for general reflectance distributions},
 booktitle = {Proceedings of the 18th annual conference on Computer graphics and interactive techniques},
 series = {SIGGRAPH '91},
 year = {1991},
 isbn = {0-89791-436-8},
 pages = {187--196},
 numpages = {10},
 url = {http://doi.acm.org/10.1145/122718.122739},
 doi = {10.1145/122718.122739},
 acmid = {122739},
 publisher = {ACM},
 address = {New York, NY, USA},
 keywords = {BRDF, directional-diffuse, global illumination, progressive radiosity, specular reflection, spherical harmonics},
} 

@article{bib:cornell_box_reference1,
 author = {Cohen, Michael F. and Greenberg, Donald P.},
 title = {The hemi-cube: a radiosity solution for complex environments},
 journal = {SIGGRAPH Comput. Graph.},
 issue_date = {Jul. 1985},
 volume = {19},
 number = {3},
 month = jul,
 year = {1985},
 issn = {0097-8930},
 pages = {31--40},
 numpages = {10},
 url = {http://doi.acm.org/10.1145/325165.325171},
 doi = {10.1145/325165.325171},
 acmid = {325171},
 publisher = {ACM},
 address = {New York, NY, USA},
 keywords = {depth buffer, diffuse reflections, form-factors, hidden surface, radiosity},
} 

@inproceedings{bib:cornell_box,
 author = {Goral, Cindy M. and Torrance, Kenneth E. and Greenberg, Donald P. and Battaile, Bennett},
 title = {Modeling the interaction of light between diffuse surfaces},
 booktitle = {Proceedings of the 11th annual conference on Computer graphics and interactive techniques},
 series = {SIGGRAPH '84},
 year = {1984},
 isbn = {0-89791-138-5},
 pages = {213--222},
 numpages = {10},
 url = {http://doi.acm.org/10.1145/800031.808601},
 doi = {10.1145/800031.808601},
 acmid = {808601},
 publisher = {ACM},
 address = {New York, NY, USA},
 keywords = {Diffuse reflections, Form factors, Light reflection models, Radiosity, Shading},
}

@MISC{bib:ati5870,
   author = {AMD},
   title = {ATI Radeon HD 5870 Specification Document},
   year = {2008},
   howpublished = {AMD.com},
   url = {http://www.amd.com/us/products/desktop/graphics/ati-radeon-hd-5000/hd-5870/Pages/ati-radeon-hd-5870-overview.aspx#2},
}

@MISC{bib:i7-920,
   author = {Intel},
   title = {Intel i7-920 Specification Document},
   year = {2008},
   howpublished = {Intel.com},
   url = {http://ark.intel.com/products/37147/Intel-Core-i7-920-Processor-(8M-Cache-2_66-GHz-4_80-GTs-Intel-QPI)},
}

@MISC{bib:sandy_bridge,
   author = {Intel},
   title = {Intel i7-2677M Specification Document},
   year = {2011},
   howpublished = {Intel.com},
   url = {http://ark.intel.com/products/54617/Intel-Core-i7-2677M-Processor-(4M-Cache-1_80-GHz)},
}

@MISC{bib:mba,
   author = {Apple},
   title = {2011 13" Macbook Air Specification Document},
   year = {2011},
   howpublished = {Apple.com},
   url = {http://www.apple.com/macbookair/specs.html},
}

@MISC{bib:glut,
   author = {OpenGL.org},
   title = {The OpenGL Utility Tookit},
   year = {2000},
   url = {http://www.opengl.org/resources/libraries/glut/glut_downloads.php},
}

@MISC{bib:sfml,
   author = {SFML},
   title = {The Simple and Fast Multimedia Library},
   year = {2012},
   howpublished = {sfml-dev.org},
   url = {http://sfml-dev.org/features.php},
}

@ARTICLE{bib:nurbs, 
   author={Piegl, L.}, 
   journal={Computer Graphics and Applications, IEEE}, title={On NURBS: a survey}, 
   year={1991}, 
   month={jan. }, 
   volume={11}, 
   number={1}, 
   pages={55 -71}, 
   keywords={NURBS curves;NURBS surfaces;conic sections;curve design;geometry design;geometry representation;nonuniform rational B-spline;rational splines;shape modification;surface design;computational geometry;computer graphics;splines (mathematics);}, 
   doi={10.1109/38.67702}, 
   ISSN={0272-1716},
}

@MISC{bib:point_sampling_wa,
   author = {Eric W. Weisstein},
   title = {Sphere Point Picking},
   howpublished = {WolframAlpha.com},
   url = {http://mathworld.wolfram.com/SpherePointPicking.html}
}

@article{bib:phong_thesis,
   author = {Phong, Bui Tuong},
   title = {Illumination for computer generated pictures},
   journal = {Commun. ACM},
   issue_date = {June 1975},
   volume = {18},
   number = {6},
   month = jun,
   year = {1975},
   issn = {0001-0782},
   pages = {311--317},
   numpages = {7},
   url = {http://doi.acm.org/10.1145/360825.360839},
   doi = {10.1145/360825.360839},
   acmid = {360839},
   publisher = {ACM},
   address = {New York, NY, USA},
   keywords = {computer graphics, graphic display, hidden surface removal, shading},
} 

@MISC{bib:amd_press,
   author = {AMD},
   title = {AMD Fusion APU Era Begins},
   year = {2011},
   howpublished = {AMD.com},
   url = {http://www.amd.com/us/press-releases/Pages/amd-fusion-apu-era-2011jan04.aspx}
}

@MISC{bib:intel_press,
   author = {Intel},
   title = {3rd Generation Intel® Core™ Processor Family Quad Core Launch Product Information},
   year = {2012},
   howpublished = {Intel.com},
   url = {http://download.intel.com/newsroom/kits/core/3rdgen/pdfs/3rd_Generation_Intel_Core_Product_Information.pdf}
}

@MISC{bib:pci_press,
   author = {Lisa Sherwin},
   title = {PCI-SIG DELIVERS PCI EXPRESS 2.0 SPECIFICATION},
   year = {2007},
   howpublished = {PCIsig.com},
   url = {http://www.pcisig.com/news_room/PCIe2_0_Spec_Release_FINAL2.pdf}
}

@book{bib:pbr,
  title={Physically Based Rendering: From Theory To Implementation},
  author={Pharr, M. and Humphreys, G.},
  isbn={9780123750792},
  lccn={2011377099},
  series={Morgan Kaufmann},
  url={http://books.google.com/books?id=9nJBAJhTxt8C},
  year={2010},
  publisher={Elsevier Science \& Technology}
}

@book{bib:rtr,
 author = {Tomas Akenine-M\"{o}ller and Eric Haines and Natty Hoffman},
 title = {Real-Time Rendering 3rd Edition},
 year = {2008},
 pages = {1045},
 isbn = {987-1-56881-424-7},
 publisher = {A. K. Peters, Ltd.},
 address = {Natick, MA, USA},
 }

@PHDTHESIS{bib:shirley1991,
   author = {Peter Shirley},
   title = {Physically Based Lighting Calculations for Computer Graphics},
   school = {University of Illinois at Urbana-Champaign},
   year = {1991}
}

@MISC{bib:christensen_slides,
   author = {Per H. Christensen},
   title = {Point-Based Approximate Color Bleeding Slide Presentation},
   year = {2008},
   howpublished = {Pixar.com},
   url = {http://graphics.pixar.com/library/PointBasedColorBleeding/SlidesFromAnnecy09.pdf}
}

@TECHREPORT{bib:christensen2008,
   author = {Per H. Christensen},
   title = {Point-Based Approximate Color Bleeding},
   institution = {Pixar Animation Studios},
   year = {2008},
   number = {\#08-01},
   type = {Technical Memo}
}

@article{bib:crow1977,
 author = {Crow, Franklin C.},
 title = {The aliasing problem in computer-generated shaded images},
 journal = {Commun. ACM},
 issue_date = {Nov. 1977},
 volume = {20},
 number = {11},
 month = nov,
 year = {1977},
 issn = {0001-0782},
 pages = {799--805},
 numpages = {7},
 url = {http://doi.acm.org/10.1145/359863.359869},
 doi = {10.1145/359863.359869},
 acmid = {359869},
 publisher = {ACM},
 address = {New York, NY, USA},
 keywords = {aliasing, computer graphics, convolutional filtering, hidden-surface removal, sampling},
}

@inproceedings{bib:jimenez2011,
 author = {Jimenez, Jorge and Gutierrez, Diego and Yang, Jason and Reshetov, Alexander and Demoreuille, Pete and Berghoff, Tobias and Perthuis, Cedric and Yu, Henry and McGuire, Morgan and Lottes, Timothy and Malan, Hugh and Persson, Emil and Andreev, Dmitry and Sousa, Tiago},
 title = {Filtering approaches for real-time anti-aliasing},
 booktitle = {ACM SIGGRAPH 2011 Courses},
 series = {SIGGRAPH '11},
 year = {2011},
 isbn = {978-1-4503-0967-7},
 location = {Vancouver, British Columbia, Canada},
 pages = {6:1--6:329},
 articleno = {6},
 numpages = {329},
 url = {http://doi.acm.org/10.1145/2037636.2037642},
 doi = {10.1145/2037636.2037642},
 acmid = {2037642},
 publisher = {ACM},
 address = {New York, NY, USA},
} 














@book{Jensen:2009,
 author = {Jensen, Henrik Wann},
 title = {Realistic Image Synthesis Using Photon Mapping},
 year = {2009},
 isbn = {1568814623},
 publisher = {A. K. Peters, Ltd.},
 address = {Natick, MA, USA},
} 

@ARTICLE{kniss:03,
    author = {Joe Kniss and Charles Hansen and Peter Shirley and Allen Mcpherson},
    title = {A Model for Volume Lighting and Modeling},
    journal = {IEEE Transactions on Visualization and Computer Graphics},
    year = {2003},
    volume = {9},
    pages = {150-162}
}

@MISC{zhang,
    author = {Caixia Zhang and et al.},
    title = {light propagation for mixed polygonal and volumetric data},
    year = {2005}
}

@book{verth:2008,
    author = {Van Verth, James M. and Bishop, Lars M.},
    title = {Essential Mathematics for Games and Interactive Applications},
    year = {2008},
    publisher = {Morgan Kaufmann},
    address = {Burlington, MA, USA}
}

@MISC{Levoy88,
    author = {Marc Levoy},
    title = {Display of Surfaces from Volume Data},
    year = {1988}
}

@MISC{Kajiya84,
    author = {James T. Kajiya and Brian P. Von Herzen},
    title = {Ray Tracing Volume Densities},
    year = {1984}
}

@INPROCEEDINGS{Westermann94,
    author = {Rüdiger Westermann},
    title = {A Multiresolution Framework for Volume Rendering},
    booktitle = {SYMPOSIUM ON VOLUME VISUALIZATION},
    year = {1994},
    pages = {51--58},
    publisher = {ACM Press}
}

@ARTICLE{Levoy90,
    author = {Marc Levoy},
    title = {Efficient ray tracing of volume data},
    journal = {ACM Transactions on Graphics},
    year = {1990},
    volume = {9},
    pages = {245--261}
}

﻿@ARTICLE {radiosity,
   author = {Dorsey, Julie},
   affiliation = {Massachusetts Institute of Technology USA},
   title = {Radiosity and global illumination},
   journal = {The Visual Computer},
   publisher = {Springer Berlin / Heidelberg},
   pages = {397-398},
   volume = {11},
   year = {1995}
}

@BOOK{monte_carlo,
    author = {Xu, R and Pattanaik, S.N},
    Title = {A Novel Monte Carlo Noise Reduction Operator},
    publisher = {Computer Graphics and Applications, IEEE},
    volume = {25},
    pages = {31-35},
    year = 2005
}

@BOOK{aga,
   author = {Philip Dutre, Kavita Bala, Philippe Bekaert},
   title = {Advanced Global Illumination},
   publisher = {A K Peters},
   year = 2006
}

@BOOK{pbrt,
   author = {Matt Pharr, Greg Humphreys},
   title = {Physically Based Rendering: From Theory to Implementation},
   edition = {2},
   publisher = {Morgan Kaufmann},
   year = 2010
}

@inproceedings{Jensen:1998,
 author = {Jensen, Henrik Wann and Christensen, Per H.},
 title = {Efficient simulation of light transport in scences with participating media using photon maps},
 booktitle = {Proceedings of the 25th annual conference on Computer graphics and interactive techniques},
 series = {SIGGRAPH '98},
 year = {1998},
 pages = {311-320},
 publisher = {ACM},
}

@InProceedings{christensen:siggraph,
   title = {Point-Based Global Illumination for Movie Production},
   author = {Christensen, Per H.},
    year = {2010},
    series = {SIGGRAPH '10}
}

@ARTICLE{guthe,
    author = {Guthe, S and Strasser, W},
    title = {Advanced techniques for hhigh-quality multi-resolution volume rendering},
    year = {2004},
    publisher = {Computer & Graphics},
    volume = {28},
    pages = {51-58}
}

@ARTICLE{signotes:2010,
    author = {Wrenninge, Magnus and Bin Zafar, Nafees},
   title = {Volumetric Methods in Visual Effects},
   year = 2010,
    publisher = {SIGGRAPH}
}

@ARTICLE{cerezo,
   author = {Cerezo, Eva and Perez, Frederic and Pueyo, Xavier and Seron, Francisco J. and X. Sillion, Francois},
   title = {A Survey On Participating Media Rendering Techniques},
   year = 2005,
   publisher = {Visual Computer},
   volume = {21},
   issue = {5},
   pages = {303-328}
}

@ARTICLE{tabellion,
   author = {Tabellion, Eric and Lamorlette, Arnauld},
   title = {An Approximate Global Illumination System for Computer Generated Films},
   year = 2004,
   publisher = {ACM Transactions on Graphics},
   volume = {23},
   pages = {469-476}
}


@ARTICLE{christensen:2004,
   author = {Christensen, Per H.},
   title = {An Irradiance Atlast for Global Illumination in Complex Production Scenes},
   year = 2004,
   publisher = {Pixar Animation Studios}
}

@ARTICLE{stupidSH,
   author = {Sloan, Peter-Pike},
   title = {Stupid Spherical Harmonics (SH) Tricks},
   year = 2008,
   publisher = {Microsoft Corporation}
}

@ARTICLE{robin:2003,
   author = {Green, Robin},
   title = {Spherical Harmonic Lighting: The Gritty Details},
   year = 2003,
   publisher = {Sony Computer Entertainment America}
}

